@Manual{dvt-emacs,
  title = 	 {Emacs {\&} D-machine: d source files and dvt},
  author =	 {Alexander Peyser},

  year =	 {2004},
  address = 	 {\url{email:apeyser@umiami.edu}},
  organization = {University of Miami},
  month = 	 Jun,
  note =	 {File \texttt{dvt-emacs.pdf}, original: } # Nov # { 2003},
  edition = 	 {3rd},
}

@Manual{dvt-3.0,
  title = 	 {D-machine 3.0 Extensions, and interface through DVT},
  author =	 {Alexander Peyser},
  organization = {University of Miami},
  address =	 {\url{email:apeyser@umiami.edu}},
  month =	 Jun,
  year =	 {2004},
  note =	 {File: \texttt{dvt-3.0.pdf}, original: } # May # { 2004},
  edition = 	 {2nd}
}

